<record><leader>00000cas a22000007a 4500</leader><controlfield tag="001">123896453</controlfield><controlfield tag="008">070430d19uu19uuvauwr ne      0    0eng d</controlfield><datafield ind1=" " ind2=" " tag="010"><subfield code="a">sn2007060531</subfield></datafield><datafield ind1=" " ind2=" " tag="040"><subfield code="a">NVK</subfield><subfield code="b">eng</subfield><subfield code="c">NVK</subfield><subfield code="d">NVK</subfield><subfield code="d">OCLCQ</subfield><subfield code="d">OCLCF</subfield><subfield code="d">OCLCO</subfield></datafield><datafield ind1="1" ind2=" " tag="029"><subfield code="a">AU@</subfield><subfield code="b">000041575669</subfield></datafield><datafield ind1=" " ind2=" " tag="042"><subfield code="a">msc</subfield></datafield><datafield ind1=" " ind2=" " tag="043"><subfield code="a">n-us-va</subfield></datafield><datafield ind1="0" ind2=" " tag="130"><subfield code="a">Grayson news (Fries, Va.)</subfield></datafield><datafield ind1="1" ind2="4" tag="245"><subfield code="a">The Grayson news.</subfield></datafield><datafield ind1=" " ind2=" " tag="260"><subfield code="a">Fries, Va. :</subfield><subfield code="b">W.W. Edwards &amp; Viola Edwards</subfield></datafield><datafield ind1=" " ind2=" " tag="310"><subfield code="a">Weekly</subfield></datafield><datafield ind1=" " ind2=" " tag="588"><subfield code="a">Description based on: Vol. 22, no. 49 (Jul. 22, 1949).</subfield></datafield><datafield ind1=" " ind2="0" tag="651"><subfield code="a">Fries (Va.)</subfield><subfield code="v">Newspapers.</subfield></datafield><datafield ind1=" " ind2="0" tag="651"><subfield code="a">Grayson County (Va.)</subfield><subfield code="v">Newspapers.</subfield></datafield><datafield ind1=" " ind2="7" tag="655"><subfield code="a">Newspapers.</subfield><subfield code="2">fast</subfield><subfield code="0">(OCoLC)fst01423814</subfield></datafield><datafield ind1=" " ind2="7" tag="651"><subfield code="a">Virginia</subfield><subfield code="z">Fries.</subfield><subfield code="2">fast</subfield><subfield code="0">(OCoLC)fst01262440</subfield></datafield><datafield ind1=" " ind2="7" tag="651"><subfield code="a">Virginia</subfield><subfield code="z">Grayson County.</subfield><subfield code="2">fast</subfield><subfield code="0">(OCoLC)fst01226015</subfield></datafield><datafield ind1=" " ind2=" " tag="752"><subfield code="a">United States</subfield><subfield code="b">Virginia</subfield><subfield code="c">Grayson</subfield><subfield code="d">Fries.</subfield></datafield><datafield ind1="0" ind2="0" tag="780"><subfield code="a">Fries news</subfield></datafield></record>